%YAML 1.1
%TAG !u! tag:unity3d.com,2011:
--- !u!95 &2023254880125284078
Animator:
  serializedVersion: 3
  m_ObjectHideFlags: 0
  m_CorrespondingSourceObject: {fileID: 0}
  m_PrefabInstance: {fileID: 0}
  m_PrefabAsset: {fileID: 0}
  m_GameObject: {fileID: 1212983742726599950}
  m_Enabled: 1
  m_Avatar: {fileID: 0}
  m_Controller: {fileID: 9100000, guid: 6d8e54c02d0020d4eadb8a6327b9d17e, type: 2}
  m_CullingMode: 0
  m_UpdateMode: 0
  m_ApplyRootMotion: 0
  m_LinearVelocityBlending: 0
  m_WarningMessage: 
  m_HasTransformHierarchy: 1
  m_AllowConstantClipSamplingOptimization: 1
  m_KeepAnimatorControllerStateOnDisable: 0
--- !u!1 &2023254881896215231
GameObject:
  m_ObjectHideFlags: 0
  m_CorrespondingSourceObject: {fileID: 0}
  m_PrefabInstance: {fileID: 0}
  m_PrefabAsset: {fileID: 0}
  serializedVersion: 6
  m_Component:
  - component: {fileID: 2023254881896215219}
  - component: {fileID: 2023254881896215228}
  - component: {fileID: 2023254881896215230}
  m_Layer: 0
  m_Name: Caveman_02
  m_TagString: Untagged
  m_Icon: {fileID: 0}
  m_NavMeshLayer: 0
  m_StaticEditorFlags: 0
  m_IsActive: 1
--- !u!4 &2023254881896215219
Transform:
  m_ObjectHideFlags: 0
  m_CorrespondingSourceObject: {fileID: 0}
  m_PrefabInstance: {fileID: 0}
  m_PrefabAsset: {fileID: 0}
  m_GameObject: {fileID: 2023254881896215231}
  m_LocalRotation: {x: 0, y: 1, z: 0, w: 0}
  m_LocalPosition: {x: -1.41, y: 0.5824551, z: -3.14}
  m_LocalScale: {x: 1, y: 1, z: 1}
  m_Children:
  - {fileID: 1990224782317760436}
  - {fileID: 2023254882064001674}
  m_Father: {fileID: 0}
  m_RootOrder: 0
  m_LocalEulerAnglesHint: {x: 0, y: 180, z: 0}
--- !u!143 &2023254881896215228
CharacterController:
  m_ObjectHideFlags: 0
  m_CorrespondingSourceObject: {fileID: 0}
  m_PrefabInstance: {fileID: 0}
  m_PrefabAsset: {fileID: 0}
  m_GameObject: {fileID: 2023254881896215231}
  m_Material: {fileID: 0}
  m_IsTrigger: 0
  m_Enabled: 1
  serializedVersion: 2
  m_Height: 1.8
  m_Radius: 0.5
  m_SlopeLimit: 45
  m_StepOffset: 0.3
  m_SkinWidth: 0.08
  m_MinMoveDistance: 0.001
  m_Center: {x: 0, y: 0.95, z: 0}
--- !u!114 &2023254881896215230
MonoBehaviour:
  m_ObjectHideFlags: 0
  m_CorrespondingSourceObject: {fileID: 0}
  m_PrefabInstance: {fileID: 0}
  m_PrefabAsset: {fileID: 0}
  m_GameObject: {fileID: 2023254881896215231}
  m_Enabled: 1
  m_EditorHideFlags: 0
  m_Script: {fileID: 11500000, guid: fefc3c89549c4d143a8344390682ca2a, type: 3}
  m_Name: 
  m_EditorClassIdentifier: 
  controlled: 0
  characterSpeed: 2.5
  club: 1
  gravity: -9.81
  idleAnimationVariations: 2
  characterController: {fileID: 2023254881896215228}
  anim: {fileID: 2023254880125284078}
  groundCheck: {fileID: 2023254882064001674}
  clubMesh: {fileID: 6403499524517892689}
--- !u!1 &2023254882064001675
GameObject:
  m_ObjectHideFlags: 0
  m_CorrespondingSourceObject: {fileID: 0}
  m_PrefabInstance: {fileID: 0}
  m_PrefabAsset: {fileID: 0}
  serializedVersion: 6
  m_Component:
  - component: {fileID: 2023254882064001674}
  m_Layer: 0
  m_Name: GroundCheck
  m_TagString: Untagged
  m_Icon: {fileID: 0}
  m_NavMeshLayer: 0
  m_StaticEditorFlags: 0
  m_IsActive: 1
--- !u!4 &2023254882064001674
Transform:
  m_ObjectHideFlags: 0
  m_CorrespondingSourceObject: {fileID: 0}
  m_PrefabInstance: {fileID: 0}
  m_PrefabAsset: {fileID: 0}
  m_GameObject: {fileID: 2023254882064001675}
  m_LocalRotation: {x: 0, y: 0, z: 0, w: 1}
  m_LocalPosition: {x: 0, y: 0, z: 0}
  m_LocalScale: {x: 1, y: 1, z: 1}
  m_Children: []
  m_Father: {fileID: 2023254881896215219}
  m_RootOrder: 1
  m_LocalEulerAnglesHint: {x: 0, y: 0, z: 0}
--- !u!1001 &2023254881863190623
PrefabInstance:
  m_ObjectHideFlags: 0
  serializedVersion: 2
  m_Modification:
    m_TransformParent: {fileID: 2023254881896215219}
    m_Modifications:
    - target: {fileID: -9010521777292185900, guid: 831f9f538a9a394428d0039d98b0e65f, type: 3}
      propertyPath: m_IsActive
      value: 0
      objectReference: {fileID: 0}
    - target: {fileID: -8998180375253954598, guid: 831f9f538a9a394428d0039d98b0e65f, type: 3}
      propertyPath: m_IsActive
      value: 0
      objectReference: {fileID: 0}
    - target: {fileID: -8679921383154817045, guid: 831f9f538a9a394428d0039d98b0e65f, type: 3}
      propertyPath: m_LocalPosition.x
      value: 0
      objectReference: {fileID: 0}
    - target: {fileID: -8679921383154817045, guid: 831f9f538a9a394428d0039d98b0e65f, type: 3}
      propertyPath: m_LocalPosition.y
      value: 0
      objectReference: {fileID: 0}
    - target: {fileID: -8679921383154817045, guid: 831f9f538a9a394428d0039d98b0e65f, type: 3}
      propertyPath: m_LocalPosition.z
      value: 0
      objectReference: {fileID: 0}
    - target: {fileID: -8679921383154817045, guid: 831f9f538a9a394428d0039d98b0e65f, type: 3}
      propertyPath: m_LocalRotation.x
      value: -0
      objectReference: {fileID: 0}
    - target: {fileID: -8679921383154817045, guid: 831f9f538a9a394428d0039d98b0e65f, type: 3}
      propertyPath: m_LocalRotation.y
      value: -0
      objectReference: {fileID: 0}
    - target: {fileID: -8679921383154817045, guid: 831f9f538a9a394428d0039d98b0e65f, type: 3}
      propertyPath: m_LocalRotation.z
      value: -0
      objectReference: {fileID: 0}
    - target: {fileID: -8679921383154817045, guid: 831f9f538a9a394428d0039d98b0e65f, type: 3}
      propertyPath: m_LocalRotation.w
      value: 1
      objectReference: {fileID: 0}
    - target: {fileID: -8679921383154817045, guid: 831f9f538a9a394428d0039d98b0e65f, type: 3}
      propertyPath: m_RootOrder
      value: 0
      objectReference: {fileID: 0}
    - target: {fileID: -8679921383154817045, guid: 831f9f538a9a394428d0039d98b0e65f, type: 3}
      propertyPath: m_LocalEulerAnglesHint.x
      value: 0
      objectReference: {fileID: 0}
    - target: {fileID: -8679921383154817045, guid: 831f9f538a9a394428d0039d98b0e65f, type: 3}
      propertyPath: m_LocalEulerAnglesHint.y
      value: 0
      objectReference: {fileID: 0}
    - target: {fileID: -8679921383154817045, guid: 831f9f538a9a394428d0039d98b0e65f, type: 3}
      propertyPath: m_LocalEulerAnglesHint.z
      value: 0
      objectReference: {fileID: 0}
    - target: {fileID: -8481957452918760590, guid: 831f9f538a9a394428d0039d98b0e65f, type: 3}
      propertyPath: m_IsActive
      value: 0
      objectReference: {fileID: 0}
    - target: {fileID: -7839079027904208584, guid: 831f9f538a9a394428d0039d98b0e65f, type: 3}
      propertyPath: m_IsActive
      value: 0
      objectReference: {fileID: 0}
    - target: {fileID: -7556395231529283947, guid: 831f9f538a9a394428d0039d98b0e65f, type: 3}
      propertyPath: m_IsActive
      value: 0
      objectReference: {fileID: 0}
    - target: {fileID: -7501610448081812410, guid: 831f9f538a9a394428d0039d98b0e65f, type: 3}
      propertyPath: m_Materials.Array.size
      value: 2
      objectReference: {fileID: 0}
    - target: {fileID: -7501610448081812410, guid: 831f9f538a9a394428d0039d98b0e65f, type: 3}
      propertyPath: m_Materials.Array.data[0]
      value: 
      objectReference: {fileID: 2100000, guid: c5d0c6eb714ff7249bef54907ca2ec6a, type: 2}
    - target: {fileID: -7501610448081812410, guid: 831f9f538a9a394428d0039d98b0e65f, type: 3}
      propertyPath: m_Materials.Array.data[1]
      value: 
      objectReference: {fileID: 2100000, guid: 382550be257dbfc44a5cb6ae73d6a83b, type: 2}
    - target: {fileID: -7157738362389311844, guid: 831f9f538a9a394428d0039d98b0e65f, type: 3}
      propertyPath: m_Materials.Array.size
      value: 2
      objectReference: {fileID: 0}
    - target: {fileID: -7157738362389311844, guid: 831f9f538a9a394428d0039d98b0e65f, type: 3}
      propertyPath: m_Materials.Array.data[0]
      value: 
      objectReference: {fileID: 2100000, guid: 3be6e67447e017c4999cd6e1f16c5be9, type: 2}
    - target: {fileID: -7157738362389311844, guid: 831f9f538a9a394428d0039d98b0e65f, type: 3}
      propertyPath: m_Materials.Array.data[1]
      value: 
      objectReference: {fileID: 2100000, guid: 382550be257dbfc44a5cb6ae73d6a83b, type: 2}
    - target: {fileID: -6807482873862305892, guid: 831f9f538a9a394428d0039d98b0e65f, type: 3}
      propertyPath: m_Materials.Array.size
      value: 2
      objectReference: {fileID: 0}
    - target: {fileID: -6807482873862305892, guid: 831f9f538a9a394428d0039d98b0e65f, type: 3}
      propertyPath: m_Materials.Array.data[0]
      value: 
      objectReference: {fileID: 2100000, guid: 3be6e67447e017c4999cd6e1f16c5be9, type: 2}
    - target: {fileID: -6807482873862305892, guid: 831f9f538a9a394428d0039d98b0e65f, type: 3}
      propertyPath: m_Materials.Array.data[1]
      value: 
      objectReference: {fileID: 0}
    - target: {fileID: -6544599353678602282, guid: 831f9f538a9a394428d0039d98b0e65f, type: 3}
      propertyPath: m_Materials.Array.size
      value: 2
      objectReference: {fileID: 0}
    - target: {fileID: -6544599353678602282, guid: 831f9f538a9a394428d0039d98b0e65f, type: 3}
      propertyPath: m_Materials.Array.data[0]
      value: 
      objectReference: {fileID: 2100000, guid: 3be6e67447e017c4999cd6e1f16c5be9, type: 2}
    - target: {fileID: -6544599353678602282, guid: 831f9f538a9a394428d0039d98b0e65f, type: 3}
      propertyPath: m_Materials.Array.data[1]
      value: 
      objectReference: {fileID: 2100000, guid: 382550be257dbfc44a5cb6ae73d6a83b, type: 2}
    - target: {fileID: -6325228541026792713, guid: 831f9f538a9a394428d0039d98b0e65f, type: 3}
      propertyPath: m_Materials.Array.size
      value: 2
      objectReference: {fileID: 0}
    - target: {fileID: -6325228541026792713, guid: 831f9f538a9a394428d0039d98b0e65f, type: 3}
      propertyPath: m_Materials.Array.data[0]
      value: 
      objectReference: {fileID: 2100000, guid: 3be6e67447e017c4999cd6e1f16c5be9, type: 2}
    - target: {fileID: -6325228541026792713, guid: 831f9f538a9a394428d0039d98b0e65f, type: 3}
      propertyPath: m_Materials.Array.data[1]
      value: 
      objectReference: {fileID: 2100000, guid: 382550be257dbfc44a5cb6ae73d6a83b, type: 2}
    - target: {fileID: -5787044071338884299, guid: 831f9f538a9a394428d0039d98b0e65f, type: 3}
      propertyPath: m_IsActive
      value: 0
      objectReference: {fileID: 0}
    - target: {fileID: -4944745281778263401, guid: 831f9f538a9a394428d0039d98b0e65f, type: 3}
      propertyPath: m_IsActive
      value: 0
      objectReference: {fileID: 0}
    - target: {fileID: -4268993614918111454, guid: 831f9f538a9a394428d0039d98b0e65f, type: 3}
      propertyPath: m_Materials.Array.size
      value: 2
      objectReference: {fileID: 0}
    - target: {fileID: -4268993614918111454, guid: 831f9f538a9a394428d0039d98b0e65f, type: 3}
      propertyPath: m_Materials.Array.data[0]
      value: 
      objectReference: {fileID: 2100000, guid: c5d0c6eb714ff7249bef54907ca2ec6a, type: 2}
    - target: {fileID: -4268993614918111454, guid: 831f9f538a9a394428d0039d98b0e65f, type: 3}
      propertyPath: m_Materials.Array.data[1]
      value: 
      objectReference: {fileID: 2100000, guid: 382550be257dbfc44a5cb6ae73d6a83b, type: 2}
    - target: {fileID: -4057410015661167958, guid: 831f9f538a9a394428d0039d98b0e65f, type: 3}
      propertyPath: m_Materials.Array.size
      value: 2
      objectReference: {fileID: 0}
    - target: {fileID: -4057410015661167958, guid: 831f9f538a9a394428d0039d98b0e65f, type: 3}
      propertyPath: m_Materials.Array.data[0]
      value: 
      objectReference: {fileID: 2100000, guid: 3be6e67447e017c4999cd6e1f16c5be9, type: 2}
    - target: {fileID: -4057410015661167958, guid: 831f9f538a9a394428d0039d98b0e65f, type: 3}
      propertyPath: m_Materials.Array.data[1]
      value: 
      objectReference: {fileID: 2100000, guid: 382550be257dbfc44a5cb6ae73d6a83b, type: 2}
    - target: {fileID: -3356705380932493747, guid: 831f9f538a9a394428d0039d98b0e65f, type: 3}
      propertyPath: m_Materials.Array.size
      value: 2
      objectReference: {fileID: 0}
    - target: {fileID: -3356705380932493747, guid: 831f9f538a9a394428d0039d98b0e65f, type: 3}
      propertyPath: m_Materials.Array.data[0]
      value: 
      objectReference: {fileID: 2100000, guid: 3be6e67447e017c4999cd6e1f16c5be9, type: 2}
    - target: {fileID: -3356705380932493747, guid: 831f9f538a9a394428d0039d98b0e65f, type: 3}
      propertyPath: m_Materials.Array.data[1]
      value: 
      objectReference: {fileID: 2100000, guid: 382550be257dbfc44a5cb6ae73d6a83b, type: 2}
    - target: {fileID: -2953240620132424081, guid: 831f9f538a9a394428d0039d98b0e65f, type: 3}
      propertyPath: m_IsActive
      value: 0
      objectReference: {fileID: 0}
    - target: {fileID: -2843061608374728936, guid: 831f9f538a9a394428d0039d98b0e65f, type: 3}
      propertyPath: m_Materials.Array.size
      value: 2
      objectReference: {fileID: 0}
    - target: {fileID: -2843061608374728936, guid: 831f9f538a9a394428d0039d98b0e65f, type: 3}
      propertyPath: m_Materials.Array.data[0]
      value: 
      objectReference: {fileID: 2100000, guid: 3be6e67447e017c4999cd6e1f16c5be9, type: 2}
    - target: {fileID: -2843061608374728936, guid: 831f9f538a9a394428d0039d98b0e65f, type: 3}
      propertyPath: m_Materials.Array.data[1]
      value: 
      objectReference: {fileID: 2100000, guid: 382550be257dbfc44a5cb6ae73d6a83b, type: 2}
    - target: {fileID: -2804430925404443646, guid: 831f9f538a9a394428d0039d98b0e65f, type: 3}
      propertyPath: m_IsActive
      value: 0
      objectReference: {fileID: 0}
    - target: {fileID: -2117441790923207059, guid: 831f9f538a9a394428d0039d98b0e65f, type: 3}
      propertyPath: m_IsActive
      value: 0
      objectReference: {fileID: 0}
    - target: {fileID: -2114993199189651671, guid: 831f9f538a9a394428d0039d98b0e65f, type: 3}
      propertyPath: m_IsActive
      value: 0
      objectReference: {fileID: 0}
    - target: {fileID: -2001015763144697751, guid: 831f9f538a9a394428d0039d98b0e65f, type: 3}
      propertyPath: m_Materials.Array.size
      value: 2
      objectReference: {fileID: 0}
    - target: {fileID: -2001015763144697751, guid: 831f9f538a9a394428d0039d98b0e65f, type: 3}
      propertyPath: m_Materials.Array.data[0]
      value: 
      objectReference: {fileID: 2100000, guid: 3be6e67447e017c4999cd6e1f16c5be9, type: 2}
    - target: {fileID: -2001015763144697751, guid: 831f9f538a9a394428d0039d98b0e65f, type: 3}
      propertyPath: m_Materials.Array.data[1]
      value: 
      objectReference: {fileID: 2100000, guid: 382550be257dbfc44a5cb6ae73d6a83b, type: 2}
    - target: {fileID: -1871342419937763866, guid: 831f9f538a9a394428d0039d98b0e65f, type: 3}
      propertyPath: m_Materials.Array.size
      value: 2
      objectReference: {fileID: 0}
    - target: {fileID: -1871342419937763866, guid: 831f9f538a9a394428d0039d98b0e65f, type: 3}
      propertyPath: m_Materials.Array.data[0]
      value: 
      objectReference: {fileID: 2100000, guid: 3be6e67447e017c4999cd6e1f16c5be9, type: 2}
    - target: {fileID: -1871342419937763866, guid: 831f9f538a9a394428d0039d98b0e65f, type: 3}
      propertyPath: m_Materials.Array.data[1]
      value: 
      objectReference: {fileID: 2100000, guid: 382550be257dbfc44a5cb6ae73d6a83b, type: 2}
    - target: {fileID: -1505676584035800708, guid: 831f9f538a9a394428d0039d98b0e65f, type: 3}
      propertyPath: m_IsActive
      value: 0
      objectReference: {fileID: 0}
    - target: {fileID: -671931386324485669, guid: 831f9f538a9a394428d0039d98b0e65f, type: 3}
      propertyPath: m_IsActive
      value: 0
      objectReference: {fileID: 0}
    - target: {fileID: -28489708845029555, guid: 831f9f538a9a394428d0039d98b0e65f, type: 3}
      propertyPath: m_Materials.Array.size
      value: 2
      objectReference: {fileID: 0}
    - target: {fileID: -28489708845029555, guid: 831f9f538a9a394428d0039d98b0e65f, type: 3}
      propertyPath: m_Materials.Array.data[0]
      value: 
      objectReference: {fileID: 2100000, guid: 3be6e67447e017c4999cd6e1f16c5be9, type: 2}
    - target: {fileID: -28489708845029555, guid: 831f9f538a9a394428d0039d98b0e65f, type: 3}
      propertyPath: m_Materials.Array.data[1]
      value: 
      objectReference: {fileID: 0}
    - target: {fileID: 134042797104062615, guid: 831f9f538a9a394428d0039d98b0e65f, type: 3}
      propertyPath: m_Materials.Array.size
      value: 2
      objectReference: {fileID: 0}
    - target: {fileID: 134042797104062615, guid: 831f9f538a9a394428d0039d98b0e65f, type: 3}
      propertyPath: m_Materials.Array.data[0]
      value: 
      objectReference: {fileID: 2100000, guid: 3be6e67447e017c4999cd6e1f16c5be9, type: 2}
    - target: {fileID: 134042797104062615, guid: 831f9f538a9a394428d0039d98b0e65f, type: 3}
      propertyPath: m_Materials.Array.data[1]
      value: 
      objectReference: {fileID: 2100000, guid: 382550be257dbfc44a5cb6ae73d6a83b, type: 2}
    - target: {fileID: 409833838070316244, guid: 831f9f538a9a394428d0039d98b0e65f, type: 3}
      propertyPath: m_IsActive
      value: 1
      objectReference: {fileID: 0}
    - target: {fileID: 919132149155446097, guid: 831f9f538a9a394428d0039d98b0e65f, type: 3}
      propertyPath: m_Name
      value: Caveman
      objectReference: {fileID: 0}
    - target: {fileID: 1139083730149641274, guid: 831f9f538a9a394428d0039d98b0e65f, type: 3}
      propertyPath: m_IsActive
      value: 1
      objectReference: {fileID: 0}
    - target: {fileID: 1208490392974164984, guid: 831f9f538a9a394428d0039d98b0e65f, type: 3}
      propertyPath: m_Materials.Array.size
      value: 2
      objectReference: {fileID: 0}
    - target: {fileID: 1208490392974164984, guid: 831f9f538a9a394428d0039d98b0e65f, type: 3}
      propertyPath: m_Materials.Array.data[0]
      value: 
      objectReference: {fileID: 2100000, guid: 3be6e67447e017c4999cd6e1f16c5be9, type: 2}
    - target: {fileID: 1208490392974164984, guid: 831f9f538a9a394428d0039d98b0e65f, type: 3}
      propertyPath: m_Materials.Array.data[1]
      value: 
      objectReference: {fileID: 2100000, guid: 382550be257dbfc44a5cb6ae73d6a83b, type: 2}
    - target: {fileID: 2325566593809260091, guid: 831f9f538a9a394428d0039d98b0e65f, type: 3}
      propertyPath: m_Materials.Array.size
      value: 2
      objectReference: {fileID: 0}
    - target: {fileID: 2325566593809260091, guid: 831f9f538a9a394428d0039d98b0e65f, type: 3}
      propertyPath: m_Materials.Array.data[0]
      value: 
      objectReference: {fileID: 2100000, guid: 3be6e67447e017c4999cd6e1f16c5be9, type: 2}
    - target: {fileID: 2325566593809260091, guid: 831f9f538a9a394428d0039d98b0e65f, type: 3}
      propertyPath: m_Materials.Array.data[1]
      value: 
      objectReference: {fileID: 2100000, guid: 382550be257dbfc44a5cb6ae73d6a83b, type: 2}
    - target: {fileID: 2939142198797000142, guid: 831f9f538a9a394428d0039d98b0e65f, type: 3}
      propertyPath: m_Materials.Array.size
      value: 2
      objectReference: {fileID: 0}
    - target: {fileID: 2939142198797000142, guid: 831f9f538a9a394428d0039d98b0e65f, type: 3}
      propertyPath: m_Materials.Array.data[0]
      value: 
      objectReference: {fileID: 2100000, guid: 3be6e67447e017c4999cd6e1f16c5be9, type: 2}
    - target: {fileID: 2939142198797000142, guid: 831f9f538a9a394428d0039d98b0e65f, type: 3}
      propertyPath: m_Materials.Array.data[1]
      value: 
      objectReference: {fileID: 2100000, guid: 382550be257dbfc44a5cb6ae73d6a83b, type: 2}
    - target: {fileID: 2977583118238000632, guid: 831f9f538a9a394428d0039d98b0e65f, type: 3}
      propertyPath: m_IsActive
      value: 1
      objectReference: {fileID: 0}
    - target: {fileID: 3094686453198901943, guid: 831f9f538a9a394428d0039d98b0e65f, type: 3}
      propertyPath: m_IsActive
      value: 0
      objectReference: {fileID: 0}
    - target: {fileID: 3436388549171381535, guid: 831f9f538a9a394428d0039d98b0e65f, type: 3}
      propertyPath: m_IsActive
      value: 1
      objectReference: {fileID: 0}
    - target: {fileID: 3646023863953460170, guid: 831f9f538a9a394428d0039d98b0e65f, type: 3}
      propertyPath: m_Materials.Array.size
      value: 2
      objectReference: {fileID: 0}
    - target: {fileID: 3646023863953460170, guid: 831f9f538a9a394428d0039d98b0e65f, type: 3}
      propertyPath: m_Materials.Array.data[0]
      value: 
      objectReference: {fileID: 2100000, guid: 3be6e67447e017c4999cd6e1f16c5be9, type: 2}
    - target: {fileID: 3646023863953460170, guid: 831f9f538a9a394428d0039d98b0e65f, type: 3}
      propertyPath: m_Materials.Array.data[1]
      value: 
      objectReference: {fileID: 2100000, guid: 382550be257dbfc44a5cb6ae73d6a83b, type: 2}
    - target: {fileID: 4845809670262529363, guid: 831f9f538a9a394428d0039d98b0e65f, type: 3}
      propertyPath: m_Materials.Array.size
      value: 2
      objectReference: {fileID: 0}
    - target: {fileID: 4845809670262529363, guid: 831f9f538a9a394428d0039d98b0e65f, type: 3}
      propertyPath: m_Materials.Array.data[0]
      value: 
      objectReference: {fileID: 2100000, guid: 3be6e67447e017c4999cd6e1f16c5be9, type: 2}
    - target: {fileID: 4845809670262529363, guid: 831f9f538a9a394428d0039d98b0e65f, type: 3}
      propertyPath: m_Materials.Array.data[1]
      value: 
      objectReference: {fileID: 2100000, guid: 382550be257dbfc44a5cb6ae73d6a83b, type: 2}
    - target: {fileID: 4956712198236953102, guid: 831f9f538a9a394428d0039d98b0e65f, type: 3}
      propertyPath: m_IsActive
      value: 0
      objectReference: {fileID: 0}
    - target: {fileID: 5304774287719059659, guid: 831f9f538a9a394428d0039d98b0e65f, type: 3}
      propertyPath: m_Materials.Array.size
      value: 2
      objectReference: {fileID: 0}
    - target: {fileID: 5304774287719059659, guid: 831f9f538a9a394428d0039d98b0e65f, type: 3}
      propertyPath: m_Materials.Array.data[0]
      value: 
      objectReference: {fileID: 2100000, guid: c5d0c6eb714ff7249bef54907ca2ec6a, type: 2}
    - target: {fileID: 5304774287719059659, guid: 831f9f538a9a394428d0039d98b0e65f, type: 3}
      propertyPath: m_Materials.Array.data[1]
      value: 
      objectReference: {fileID: 2100000, guid: 382550be257dbfc44a5cb6ae73d6a83b, type: 2}
    - target: {fileID: 5333298399509128231, guid: 831f9f538a9a394428d0039d98b0e65f, type: 3}
      propertyPath: m_IsActive
      value: 0
      objectReference: {fileID: 0}
    - target: {fileID: 5972837880709719028, guid: 831f9f538a9a394428d0039d98b0e65f, type: 3}
      propertyPath: m_Materials.Array.size
      value: 2
      objectReference: {fileID: 0}
    - target: {fileID: 5972837880709719028, guid: 831f9f538a9a394428d0039d98b0e65f, type: 3}
      propertyPath: m_Materials.Array.data[0]
      value: 
      objectReference: {fileID: 2100000, guid: 3be6e67447e017c4999cd6e1f16c5be9, type: 2}
    - target: {fileID: 5972837880709719028, guid: 831f9f538a9a394428d0039d98b0e65f, type: 3}
      propertyPath: m_Materials.Array.data[1]
      value: 
      objectReference: {fileID: 2100000, guid: 382550be257dbfc44a5cb6ae73d6a83b, type: 2}
    - target: {fileID: 6146544559580568629, guid: 831f9f538a9a394428d0039d98b0e65f, type: 3}
      propertyPath: m_Materials.Array.size
      value: 2
      objectReference: {fileID: 0}
    - target: {fileID: 6146544559580568629, guid: 831f9f538a9a394428d0039d98b0e65f, type: 3}
      propertyPath: m_Materials.Array.data[0]
      value: 
      objectReference: {fileID: 2100000, guid: 3be6e67447e017c4999cd6e1f16c5be9, type: 2}
    - target: {fileID: 6146544559580568629, guid: 831f9f538a9a394428d0039d98b0e65f, type: 3}
      propertyPath: m_Materials.Array.data[1]
      value: 
      objectReference: {fileID: 2100000, guid: 382550be257dbfc44a5cb6ae73d6a83b, type: 2}
    - target: {fileID: 6355494925284596635, guid: 831f9f538a9a394428d0039d98b0e65f, type: 3}
      propertyPath: m_IsActive
      value: 0
      objectReference: {fileID: 0}
    - target: {fileID: 6623290558430534473, guid: 831f9f538a9a394428d0039d98b0e65f, type: 3}
      propertyPath: m_IsActive
      value: 0
      objectReference: {fileID: 0}
    - target: {fileID: 7425454560802543447, guid: 831f9f538a9a394428d0039d98b0e65f, type: 3}
      propertyPath: m_IsActive
      value: 0
      objectReference: {fileID: 0}
    - target: {fileID: 7556177949660519375, guid: 831f9f538a9a394428d0039d98b0e65f, type: 3}
      propertyPath: m_Materials.Array.size
      value: 2
      objectReference: {fileID: 0}
    - target: {fileID: 7556177949660519375, guid: 831f9f538a9a394428d0039d98b0e65f, type: 3}
      propertyPath: m_Materials.Array.data[0]
      value: 
      objectReference: {fileID: 2100000, guid: 3be6e67447e017c4999cd6e1f16c5be9, type: 2}
    - target: {fileID: 7556177949660519375, guid: 831f9f538a9a394428d0039d98b0e65f, type: 3}
      propertyPath: m_Materials.Array.data[1]
      value: 
      objectReference: {fileID: 0}
    - target: {fileID: 8083326875927295064, guid: 831f9f538a9a394428d0039d98b0e65f, type: 3}
      propertyPath: m_Materials.Array.size
      value: 2
      objectReference: {fileID: 0}
    - target: {fileID: 8083326875927295064, guid: 831f9f538a9a394428d0039d98b0e65f, type: 3}
      propertyPath: m_Materials.Array.data[0]
      value: 
      objectReference: {fileID: 2100000, guid: 3be6e67447e017c4999cd6e1f16c5be9, type: 2}
    - target: {fileID: 8083326875927295064, guid: 831f9f538a9a394428d0039d98b0e65f, type: 3}
      propertyPath: m_Materials.Array.data[1]
      value: 
      objectReference: {fileID: 2100000, guid: 382550be257dbfc44a5cb6ae73d6a83b, type: 2}
    m_RemovedComponents: []
  m_SourcePrefab: {fileID: 100100000, guid: 831f9f538a9a394428d0039d98b0e65f, type: 3}
--- !u!1 &1212983742726599950 stripped
GameObject:
  m_CorrespondingSourceObject: {fileID: 919132149155446097, guid: 831f9f538a9a394428d0039d98b0e65f, type: 3}
  m_PrefabInstance: {fileID: 2023254881863190623}
  m_PrefabAsset: {fileID: 0}
--- !u!4 &1990224782317760436 stripped
Transform:
  m_CorrespondingSourceObject: {fileID: -8679921383154817045, guid: 831f9f538a9a394428d0039d98b0e65f, type: 3}
  m_PrefabInstance: {fileID: 2023254881863190623}
  m_PrefabAsset: {fileID: 0}
--- !u!1 &6403499524517892689 stripped
GameObject:
  m_CorrespondingSourceObject: {fileID: 4956712198236953102, guid: 831f9f538a9a394428d0039d98b0e65f, type: 3}
  m_PrefabInstance: {fileID: 2023254881863190623}
  m_PrefabAsset: {fileID: 0}
